@misc{ euclid:home,
	author = "EUCLID",
	title = "EUCLID --- EdUcational Curriculum for the usage of LInked Data",
	year = "2012-2014",
	url = "http://euclid-project.eu/index.html",
	note = "[Online; accessed 5-September-2016]"
}

@misc{ euclid:about,
	author = "EUCLID",
	title = "About Euclid",
	year = "2012-2014",
	url = "http://euclid-project.eu/about/project-description.html",
	note = "[Online; accessed 5-September-2016]"
}

@misc{ euclid:chap5,
	author = "EUCLID",
	title = "EUCLID --- Chapter 5: Building Linked Data Applications",
	year = "2012-2014",
	url = "http://euclid-project.eu/about/project-description.html",
	note = "[Online; accessed 5-September-2016]"
}

@misc{ eu:fp7,
	author = "European Union",
	title = "Framework Programmes for Research and Technological Development",
	year = "2012-2014",
	url = "https://ec.europa.eu/research/fp7/index_en.cfm",
	note = "[Online; accessed 8-September-2016]"
}

@misc{ lucero:about,
	author = "d’Aquin, Mathieu and Zablith, Fouad and Motta, Enrico and Stephens, Owen and Brown, Stuart and Elahi, Salman and Nurse, Richard",
	title = "The LUCERO project -- About",
	year = "11 Jun 2010",
	url = "http://lucero-project.info/lb/about/index.html",
	note = "[Online; accessed 15-September-2016]"
}

@misc{ lucero:tabloid,
	author = "d’Aquin, Mathieu and Zablith, Fouad and Motta, Enrico and Stephens, Owen and Brown, Stuart and Elahi, Salman and Nurse, Richard",
	title = "The LUCERO project -- Tabloid",
	year = "01 Jun 2011",
	url = "http://lucero-project.info/lb/tabloid/index.html",
	note = "[Online; accessed 15-September-2016]"
}

@article{heath2011linked,
  title={Linked data: Evolving the web into a global data space},
  author={Heath, Tom and Bizer, Christian},
  journal={Synthesis lectures on the semantic web: theory and technology},
  volume={1},
  number={1},
  pages={1--136},
  year={2011},
  publisher={Morgan \& Claypool Publishers},
  keywords = {refsw}
}

@article{dodds2011linked,
  title={Linked data patterns},
  author={Dodds, Leigh and Davis, Ian},
  journal={Online: http://patterns. dataincubator. org/book},
  keywords = {refsw},
  year={2011}
}

@inproceedings{ auer2012managing,
  title={Managing the life-cycle of linked data with the LOD2 stack},
  author={Auer, S{\"o}ren and B{\"u}hmann, Lorenz and Dirschl, Christian and Erling, Orri and Hausenblas, Michael and Isele, Robert and Lehmann, Jens and Martin, Michael and Mendes, Pablo N and Van Nuffelen, Bert and others},
  booktitle={International semantic Web conference},
  pages={1--16},
  year={2012},
  keywords = {nonrefw},
  organization={Springer}
}

@misc{ lodum,
	title = "LODUM",
	url = "http://lodum.de/",
	note = "[Online; accessed 30-September-2016]"
}

@article{abran2003usability,
  title={Usability meanings and interpretations in ISO standards},
  author={Abran, Alain and Khelifi, Adel and Suryn, Witold and Seffah, Ahmed},
  journal={Software Quality Journal},
  volume={11},
  number={4},
  pages={325--338},
  year={2003},
  publisher={Springer},
  keywords = {refsw}
}

@article{volz2009silk,
  title={Silk-A Link Discovery Framework for the Web of Data.},
  author={Volz, Julius and Bizer, Christian and Gaedke, Martin and Kobilarov, Georgi},
  journal={LDOW},
  volume={538},
  year={2009},
  keywords = {refsw}
}

@inproceedings{jentzsch2010silk,
  title={Silk-generating rdf links while publishing or consuming linked data},
  author={Jentzsch, Anja and Isele, Robert and Bizer, Christian},
  booktitle={Proceedings of the 2010 International Conference on Posters \& Demonstrations Track-Volume 658},
  pages={53--56},
  year={2010},
  organization={CEUR-WS. org},
  keywords = {nonrefsw}
}

@inproceedings{isele2010silk,
  title={Silk server-adding missing links while consuming linked data},
  author={Isele, Robert and Jentzsch, Anja and Bizer, Christian},
  booktitle={Proceedings of the First International Conference on Consuming Linked Data-Volume 665},
  pages={85--96},
  year={2010},
  organization={CEUR-WS. org},
  keywords = {nonrefsw}
}

@inproceedings{schultz2011ldif,
  title={Ldif-linked data integration framework},
  author={Schultz, Andreas and Matteini, Andrea and Isele, Robert and Bizer, Christian and Becker, Christian},
  booktitle={Proceedings of the Second International Conference on Consuming Linked Data-Volume 782},
  pages={125--130},
  year={2011},
  organization={CEUR-WS. org},
  keywords = {nonrefsw}
}

@inproceedings{schultz2012ldif,
  title={LDIF-a framework for large-scale Linked Data integration},
  author={Schultz, Andreas and Matteini, Andrea and Isele, Robert and Mendes, Pablo N and Bizer, Christian and Becker, Christian},
  booktitle={21st International World Wide Web Conference (WWW 2012), Developers Track, Lyon, France},
  year={2012},
  keywords = {nonrefsw}
}

@inproceedings{haase2011information,
  title={The information workbench as a self-service platform for linked data applications},
  author={Haase, Peter and Schmidt, Michael and Schwarte, Andreas},
  booktitle={Proceedings of the Second International Conference on Consuming Linked Data-Volume 782},
  pages={119--124},
  year={2011},
  organization={CEUR-WS. org},
  keywords = {nonrefsw}
}